----------------------------------------------------
book{Xbook,
    author    = "",
    title     = "",
    publisher = "",
    %volume   = "",
    %number   = "",
    %series   = "",
    %address  = "",
    %edition  = "",
    year      = "XXXX",
    %month    = "",
    %note     = "",
}

----------------------------------------------------
@article{xxx2017,
    author  = "",
    title   = "",
    journal = "",
    year    = "",
    volume = "",
    number = "",
    pages  = "",
    month  = "",
    note   = "",
    doi    = "",
    url    = ""
}

@article{xxx,
    author  = {},
    title   = {},
    journal = {},
    year    = {},
    volume = {},
    number = {},
    doi    = {}
}


-------------------------RNA-seq---------------------


@article {GLMsim2024,
	author = {Wang, Jianan and Chen, Lizhong and Thijssen, Rachel and Phipson, Belinda and Speed, Terence P.},
	title = {GLMsim: a GLM-based single cell RNA-seq simulator incorporating batch and biological effects},
	elocation-id = {2024.03.20.586030},
	year = {2024},
	doi = {10.1101/2024.03.20.586030},
	publisher = {Cold Spring Harbor Laboratory},
	URL = {https://www.biorxiv.org/content/early/2024/03/23/2024.03.20.586030},
	eprint = {https://www.biorxiv.org/content/early/2024/03/23/2024.03.20.586030.full.pdf},
	journal = {bioRxiv}
}


@Article{MSMCSim2022,
AUTHOR = {Gagnon, Jake and Pi, Lira and Ryals, Matthew and Wan, Qingwen and Hu, Wenxing and Ouyang, Zhengyu and Zhang, Baohong and Li, Kejie},
TITLE = {Recommendations of scRNA-seq Differential Gene Expression Analysis Based on Comprehensive Benchmarking},
JOURNAL = {Life},
VOLUME = {12},
YEAR = {2022},
NUMBER = {6},
ARTICLE-NUMBER = {850},
URL = {https://www.mdpi.com/2075-1729/12/6/850},
PubMedID = {35743881},
ISSN = {2075-1729},
DOI = {10.3390/life12060850}
}

@Article{Zimmerman2021,
author={Zimmerman, Kip D.
and Espeland, Mark A.
and Langefeld, Carl D.},
title={A practical solution to pseudoreplication bias in single-cell studies},
journal={Nature Communications},
year={2021},
month={Feb},
day={02},
volume={12},
number={1},
pages={738},
issn={2041-1723},
doi={10.1038/s41467-021-21038-1},
url={https://doi.org/10.1038/s41467-021-21038-1}
}

@article{Dream2020,
    author = {Hoffman, Gabriel E and Roussos, Panos},
    title = "{Dream: powerful differential expression analysis for repeated measures designs}",
    journal = {Bioinformatics},
    volume = {37},
    number = {2},
    pages = {192-201},
    year = {2020},
    month = {07},
    issn = {1367-4803},
    doi = {10.1093/bioinformatics/btaa687},
    url = {https://doi.org/10.1093/bioinformatics/btaa687},
    eprint = {https://academic.oup.com/bioinformatics/article-pdf/37/2/192/50321413/btaa687.pdf},
}


@article{muscat2020,
    author  = "Helena L. Crowell and Charlotte Soneson and Pierre-Luc Germain and Daniela Calini and Ludovic Collin and Catarina Raposo and Dheeraj Malhotra and Mark D. Robinson",
    title   = "muscat detects subpopulation-specific state transitions from multi-sample multi-condition single-cell transcriptomics data",
    journal = "Nature Communications",
    year    = "2020",
    volume = "11",
    pages  = "",
    doi    = "10.1038/s41467-020-19894-4"
}


@Article{Nathan2021,
author={Nathan, Aparna
and Beynor, Jessica I.
and Baglaenko, Yuriy
and Suliman, Sara
and Ishigaki, Kazuyoshi
and Asgari, Samira
and Huang, Chuan-Chin
and Luo, Yang
and Zhang, Zibiao
and Lopez, Kattya
and Lindestam Arlehamn, Cecilia S.
and Ernst, Joel D.
and Jimenez, Judith
and Calder{\'o}n, Roger I.
and Lecca, Leonid
and Van Rhijn, Ildiko
and Moody, D. Branch
and Murray, Megan B.
and Raychaudhuri, Soumya},
title={Multimodally profiling memory T cells from a tuberculosis cohort identifies cell state associations with demographics, environment and disease},
journal={Nature Immunology},
year={2021},
month={Jun},
day={01},
volume={22},
number={6},
pages={781-793},
issn={1529-2916},
doi={10.1038/s41590-021-00933-1},
url={https://doi.org/10.1038/s41590-021-00933-1}
}


@Article{Splatter2017,
author={Zappia, Luke
and Phipson, Belinda
and Oshlack, Alicia},
title={Splatter: simulation of single-cell RNA sequencing data},
journal={Genome Biology},
year={2017},
month={Sep},
day={12},
volume={18},
number={1},
pages={174},
issn={1474-760X},
doi={10.1186/s13059-017-1305-0},
url={https://doi.org/10.1186/s13059-017-1305-0}
}


-----------------Numerical computation---------------

@article{Leary1980,
title = {The block conjugate gradient algorithm and related methods},
journal = {Linear Algebra and its Applications},
volume = {29},
pages = {293-322},
year = {1980},
note = {Special Volume Dedicated to Alson S. Householder},
issn = {0024-3795},
doi = {10.1016/0024-3795(80)90247-5},
author = {Dianne P. O'Leary}
}


----------------------------------------------------

@article{R2020,
  author = {{R Core Team}},
  title = {The R Project for Statistical Computing},
  journal = "",
  year = {2020},
  url = {http://www.r-project.org}
}

@Manual{R2023,
    title = {R: A Language and Environment for Statistical Computing},
    author = {{R Core Team}},
    organization = {R Foundation for Statistical Computing},
    address = {Vienna, Austria},
    year = {2023},
    url = {https://www.R-project.org/},
  }

@article{nebula,
    author  = {Liang He and Jose Davila-Velderrain and Tomokazu S. Sumida and David A. Hafler and Manolis Kellis and Alexander M. Kulminski},
    title   = {NEBULA is a fast negative binomial mixed model for differential or co-expression analysis of large-scale multi-subject single-cell data},
    journal = {Communications Biology},
    year    = {2021},
    volume = {4},
    number = {629},
    doi    = {10.1038/s42003-021-02146-6}
}

@article{PBMC2018,
    author  = {Hyun Min Kang and Meena Subramaniam and Sasha Targ and Michelle Nguyen and Lenka Maliskova and Elizabeth McCarthy and Eunice Wan and Simon Wong and Lauren Byrnes and Cristina M Lanata and Rachel E Gate and Sara Mostafavi and Alexander Marson and Noah Zaitlen and Lindsey A Criswell and Chun Jimmie Ye},
    title   = {Multiplexed droplet single-cell RNA-sequencing using natural genetic variation},
    journal = {Nature Biotechnology},
    year    = {2018},
    volume = {36},
    number = {89--94},
    doi    = {10.1038/nbt.4042}
}

@Manual{nebulaR,
    title = {nebula: Negative Binomial Mixed Models Using Large-Sample Approximation
for Differential Expression Analysis of ScRNA-Seq Data},
    author = {Liang He},
    year = {2023},
    note = {R package version 1.2.2},
    url = {https://CRAN.R-project.org/package=nebula},
  }
  
@Article{lmerTest,
  title = {{lmerTest} Package: Tests in Linear Mixed Effects Models},
  author = {Alexandra Kuznetsova and Per B. Brockhoff and Rune H. B.
    Christensen},
  journal = {Journal of Statistical Software},
  year = {2017},
  volume = {82},
  number = {13},
  pages = {1--26},
  doi = {10.18637/jss.v082.i13}
}

@Article{lme4,
    title = {Fitting Linear Mixed-Effects Models Using {lme4}},
    author = {Douglas Bates and Martin M{\"a}chler and Ben Bolker and
      Steve Walker},
    journal = {Journal of Statistical Software},
    year = {2015},
    volume = {67},
    number = {1},
    pages = {1--48},
    doi = {10.18637/jss.v067.i01}
  }

@Manual{nlme,
    title = {{nlme}: Linear and Nonlinear Mixed Effects Models},
    author = {Jose Pinheiro and Douglas Bates and Saikat DebRoy and
      Deepayan Sarkar and {R Core Team}},
    year = {2021},
    note = {R package version 3.1-152},
    url = {https://CRAN.R-project.org/package=nlme}
  }
  
  
@article{Bolker2009,
 author = {Bolker, Benjamin M. and Brooks, Mollie E. and Clark, Connie J. and Geange, Shane W. and Poulsen, John R. and Stevens, M. Henry H. and White, Jada-Simone S.},
 doi = {10.1016/j.tree.2008.10.008},
 journal = {Trends in Ecology & Evolution},
 keywords = {},
 number = {3},
 pages = {127-135},
 title = {Generalized linear mixed models: a practical guide for ecology and evolution},
 url = {https://app.dimensions.ai/details/publication/pub.1024059617},
 volume = {24},
 year = {2009}
}

@article{BreslowClayton1993,
 ISSN = {01621459},
 URL = {http://www.jstor.org/stable/2290687},
 author = {N. E. Breslow and D. G. Clayton},
 journal = {Journal of the American Statistical Association},
 number = {421},
 pages = {9--25},
 publisher = {[American Statistical Association, Taylor & Francis, Ltd.]},
 title = {Approximate Inference in Generalized Linear Mixed Models},
 volume = {88},
 year = {1993}
}

@article{BreslowLin1995,
 ISSN = {00063444},
 URL = {http://www.jstor.org/stable/2337629},
 author = {Norman E. Breslow and Xihong Lin},
 journal = {Biometrika},
 number = {1},
 pages = {81--91},
 publisher = {[Oxford University Press, Biometrika Trust]},
 title = {Bias Correction in Generalised Linear Mixed Models with a Single Component of Dispersion},
 volume = {82},
 year = {1995}
}


@article{Clark1989,
    author  = {Suzanne J. Clark and Joe N. Perry},
    title   = {Estimation of the Negative Binomial Parameter K by Maximum Quasi-Likelihood},
    journal = {Biometrics},
    year    = {1989},
    volume = {45},
    number = {1},
    doi    = {10.2307/2532055}
}

@article{Cleveland1992,
author="William S. Cleveland and Eric Grosse and William M. Shyu",
title="Local regression models. Chapter 8 of Statistical Models in {S}, Edited By {J.M.} Chambers and {T.J.} Hastie",
year="1992",
doi="10.1201/9780203738535"
}

@article{HartleyRao1967,
 ISSN = {00063444},
 URL = {http://www.jstor.org/stable/2333854},
 author = {H. O. Hartley and J. N. K. Rao},
 journal = {Biometrika},
 number = {1/2},
 pages = {93--108},
 publisher = {[Oxford University Press, Biometrika Trust]},
 title = {Maximum-Likelihood Estimation for the Mixed Analysis of Variance Model},
 volume = {54},
 year = {1967}
}


@article{Harville1977,
author = { David A. Harville},
title = {Maximum Likelihood Approaches to Variance Component Estimation and to Related Problems},
journal = {Journal of the American Statistical Association},
volume = {72},
number = {358},
pages = {320-338},
year  = {1977},
publisher = {Taylor & Francis},
doi = {10.1080/01621459.1977.10480998}
}

@article{Harville1991,
 ISSN = {08834237},
 URL = {http://www.jstor.org/stable/2245697},
 author = {David A. Harville},
 journal = {Statistical Science},
 number = {1},
 pages = {35--39},
 publisher = {Institute of Mathematical Statistics},
 title = {That BLUP is a Good Thing: The Estimation of Random Effects: Comment},
 volume = {6},
 year = {1991}
}


@article{Hestenes1952,
    author  = "Magnus R. Hestenes and Eduard Stiefel",
    title   = "Methods of Conjugate Gradients for Solving Linear Systems",
    journal = "Journal of Research of the National Bureau of Standards",
    year    = "1952",
    volume = "49",
    number = "6",
    pages  = "409--435",
    month  = "December",
    url    = "http://dx.doi.org/10.6028/jres.049.044"
}


@article{Hutchinson1990,
author = {   M.F.   Hutchinson },
title = {A stochastic estimator of the trace of the influence matrix for laplacian smoothing splines},
journal = {Communications in Statistics - Simulation and Computation},
volume = {19},
number = {2},
pages = {433-450},
year  = {1990},
publisher = {Taylor & Francis},
doi = {10.1080/03610919008812866},
URL = {10.1080/03610919008812866},
}


@article{Laird1982,
 ISSN = {0006341X, 15410420},
 URL = {http://www.jstor.org/stable/2529876},
 author = {Nan M. Laird and James H. Ware},
 journal = {Biometrics},
 number = {4},
 pages = {963--974},
 publisher = {[Wiley, International Biometric Society]},
 title = {Random-Effects Models for Longitudinal Data},
 volume = {38},
 year = {1982}
}



@article{Lindstrom1990,
 ISSN = {0006341X, 15410420},
 URL = {http://www.jstor.org/stable/2532087},
 author = {Mary J. Lindstrom and Douglas M. Bates},
 journal = {Biometrics},
 number = {3},
 pages = {673--687},
 publisher = {[Wiley, International Biometric Society]},
 title = {Nonlinear Mixed Effects Models for Repeated Measures Data},
 volume = {46},
 year = {1990}
}


@article{LiuPierce1994,
 ISSN = {00063444},
 URL = {http://www.jstor.org/stable/2337136},
 author = {Qing Liu and Donald A. Pierce},
 journal = {Biometrika},
 number = {3},
 pages = {624--629},
 publisher = {[Oxford University Press, Biometrika Trust]},
 title = {A Note on Gauss-Hermite Quadrature},
 volume = {81},
 year = {1994}
}

@article{Nelder1972,
 ISSN = {00359238},
 URL = {http://www.jstor.org/stable/2344614},
 author = {J. A. Nelder and R. W. M. Wedderburn},
 journal = {Journal of the Royal Statistical Society. Series A (General)},
 number = {3},
 pages = {370--384},
 publisher = {[Royal Statistical Society, Wiley]},
 title = {Generalized Linear Models},
 volume = {135},
 year = {1972}
}


@article{PattersonThompson1971,
author = {H. D. Patterson and R. Thompson},
title = {Recovery of Inter-Block Information when Block Sizes are Unequal},
journal = {Biometrika},
volume = {58},
number = {3},
pages = {545-554},
year  = {1971},
publisher = {Oxford University Press},
doi = {10.2307/2334389},
}


@article{Pinheiro2006,
 ISSN = {10618600},
 URL = {http://www.jstor.org/stable/27594165},
 author = {José C. Pinheiro and Edward C. Chao},
 journal = {Journal of Computational and Graphical Statistics},
 number = {1},
 pages = {58--81},
 publisher = {[American Statistical Association, Taylor & Francis, Ltd., Institute of Mathematical Statistics, Interface Foundation of America]},
 title = {Efficient Laplacian and Adaptive Gaussian Quadrature Algorithms for Multilevel Generalized Linear Mixed Models},
 volume = {15},
 year = {2006}
}


@article{Pinheiro1995,
 ISSN = {10618600},
 URL = {http://www.jstor.org/stable/1390625},
 author = {José C. Pinheiro and Douglas M. Bates},
 journal = {Journal of Computational and Graphical Statistics},
 number = {1},
 pages = {12--35},
 publisher = {[American Statistical Association, Taylor & Francis, Ltd., Institute of Mathematical Statistics, Interface Foundation of America]},
 title = {Approximations to the Log-Likelihood Function in the Nonlinear Mixed-Effects Model},
 volume = {4},
 year = {1995}
}



@article{Rao1970,
    author  = "C. Radhakrishna Rao",
    title   = "Estimation of Heteroscedastic Variances in Linear Models",
    journal = "Journal of the American Statistical Association",
    year    = "1970",
    volume = "65",
    number = "329",
    pages  = "161-172",
}


@article{Rao1971,
    author  = "C. Radhakrishna Rao",
    title   = "Estimation of Variance and Covariance Components - MINQUE Theory",
    journal = "Journal of Multivariate Analysis",
    year    = "1971",
    volume = "1",
    number = "",
    pages  = "257-275",
}


@article{Rao1972,
    author  = "C. Radhakrishna Rao",
    title   = "Estimation of Variance and Covariance Components in Linear Models",
    journal = "Journal of the American Statistical Association",
    year    = "1972",
    volume = "67",
    number = "337",
    pages  = "112-115",
}


@article{Rao1979,
    author  = "C. Radhakrishna Rao",
    title   = "Minqe Theory and Its Relation to ML and MML Estimation of Variance Components",
    journal = "The Indian Journal of Statistics, Series B (1960-2002)",
    year    = "1979",
    volume = "41",
    number = "",
    pages  = "138-153"
}


@article{Raudenbush2000,
 ISSN = {10618600},
 URL = {http://www.jstor.org/stable/1390617},
 author = {Stephen W. Raudenbush and Meng-Li Yang and Matheos Yosef},
 journal = {Journal of Computational and Graphical Statistics},
 number = {1},
 pages = {141--157},
 publisher = {[American Statistical Association, Taylor & Francis, Ltd., Institute of Mathematical Statistics, Interface Foundation of America]},
 title = {Maximum Likelihood for Generalized Linear Models with Nested Random Effects via High-Order, Multivariate Laplace Approximation},
 volume = {9},
 year = {2000}
}



@article{Searle1997,
title = "The matrix Handling of BLUE and BLUP in the mixed linear model",
journal = "Linear Algebra and its Applications",
volume = "264",
pages = "291 - 311",
year = "1997",
note = "Sixth Special Issue on Linear Algebra and Statistics",
issn = "0024-3795",
doi = "10.1016/S0024-3795(96)00400-4",
url = "http://www.sciencedirect.com/science/article/pii/S0024379596004004",
author = "Shayle R. Searle"
}


@article{Schall1991,
 ISSN = {00063444},
 URL = {http://www.jstor.org/stable/2336923},
 author = {Robert Schall},
 journal = {Biometrika},
 number = {4},
 pages = {719--727},
 publisher = {[Oxford University Press, Biometrika Trust]},
 title = {Estimation in Generalized Linear Models with Random Effects},
 volume = {78},
 year = {1991}
}


@article{VanRaden2008,
title = {Efficient Methods to Compute Genomic Predictions},
journal = {Journal of Dairy Science},
volume = {91},
number = {11},
pages = {4414-4423},
year = {2008},
issn = {0022-0302},
doi = {10.3168/jds.2007-0980},
author = {P.M. VanRaden}
}

@article{Wedderburn1974,
 ISSN = {00063444},
 URL = {http://www.jstor.org/stable/2334725},
 author = {R. W. M. Wedderburn},
 journal = {Biometrika},
 number = {3},
 pages = {439--447},
 publisher = {[Oxford University Press, Biometrika Trust]},
 title = {Quasi-Likelihood Functions, Generalized Linear Models, and the Gauss-Newton Method},
 volume = {61},
 year = {1974}
}


@article{Wolfinger1993,
author = {Wolfinger, Russ and O'Connell, Michael},
year = {1993},
month = {12},
pages = {},
title = {Generalized Linear Mixed Models: A Pseudo-Likelihood Approach},
volume = {48},
journal = {Journal of Statistical Computation and Simulation},
doi = {10.1080/00949659308811554}
}


@article{SKAT2011,
    author  = "Michael C. Wu and Seunggeun Lee and Tianxi Cai and Yun Li and Michael Boehnke and Xihong Lin",
    title   = "Rare-variant association testing for sequencing data with the sequence kernel association test",
    journal = "American journal of human genetics",
    year    = "2011",
    volume = "89",
    number = "1",
    pages  = "82--93",
    doi    = "10.1016/j.ajhg.2011.05.029"
}


@article{Zeger1991,
 ISSN = {01621459},
 URL = {http://www.jstor.org/stable/2289717},
 author = {Scott L. Zeger and M. Rezaul Karim},
 journal = {Journal of the American Statistical Association},
 number = {413},
 pages = {79--86},
 publisher = {[American Statistical Association, Taylor & Francis, Ltd.]},
 title = {Generalized Linear Models With Random Effects; A Gibbs Sampling Approach},
 volume = {86},
 year = {1991}
}


------------------- heritability -------------------


@article{LDSC2015,
    author  = "Brendan K Bulik-Sullivan and Po-Ru Loh and Hilary K Finucane and Stephan Ripke and Jian Yang and Schizophrenia Working Group of the Psychiatric Genomics Consortium and Nick Patterson and Mark J Daly and Alkes L Price & Benjamin M Neale",
    title   = "LD Score regression distinguishes confounding from polygenicity in genome-wide association studies",
    journal = "Nature Genetics",
    year    = "2015",
    volume = "47",
    pages  = "291--295",
    doi    = "10.1038/ng.3211"
}


@article{Speed2012,
    author  = "Doug Speed and Gibran Hemani and Michael R. Johnson and David J. Balding",
    title   = "Improved Heritability Estimation from Genome-wide SNPs",
    journal = "American journal of human genetics",
    year    = "2012",
    volume = "91",
    number = "6",
    pages  = "1011--1021",
    doi    = "10.1016/j.ajhg.2012.10.010"
}

@article{Speed2017,
    author  = "Doug Speed and Na Cai and the UCLEB Consortium and Michael R Johnson and Sergey Nejentsev & David J Balding",
    title   = "Reevaluation of SNP heritability in complex human traits",
    journal = "Nature Genetics",
    year    = "2017",
    volume = "49",
    pages  = "986--992",
    doi    = "10.1038/ng.3865"
}

@article{Speed2020,
    author  = "Doug Speed and John Holmes and David J. Balding",
    title   = "Evaluating and improving heritability models using summary statistics",
    journal = "Nature Genetics",
    year    = "2020",
    volume = "52",
    pages  = "458--462",
    doi    = "10.1038/s41588-020-0600-y"
}


@article{Zaitlen2012,
    author  = "Noah Zaitlen and Peter Kraft",
    title   = "Heritability in the genome-wide association era",
    journal = "Human Genetics volume",
    year    = "2012",
    volume = "131",
    pages  = "1655--1664",
    doi    = "10.1007/s00439-012-1199-6"
}


@article{Yang2010,
    author  = "Jian Yang and Beben Benyamin and Brian P McEvoy and Scott Gordon and Anjali K Henders and Dale R Nyholt and Pamela A Madden and Andrew C Heath and Nicholas G Martin and Grant W Montgomery and Michael E Goddard and Peter M Visscher",
    title   = "Common SNPs explain a large proportion of the heritability for human height",
    journal = "Nature Genetics",
    year    = "2010",
    volume = "42",
    pages  = "565--569",
    doi    = "10.1038/ng.608"
}

@article{Yang2011,
    author  = "Jian Yang and S Hong Lee and Michael E Goddard and Peter M Visscher",
    title   = "GCTA: a tool for genome-wide complex trait analysis",
    journal = "American journal of human genetics",
    year    = "2011",
    volume = "88",
    number = "1",
    pages  = "76--82",
    doi    = "10.1016/j.ajhg.2010.11.011"
}

@article{Yang2011b,
    author  = "Jian Yang and Teri A Manolio and Louis R Pasquale and Eric Boerwinkle and Neil Caporaso and Julie M Cunningham and Mariza de Andrade and Bjarke Feenstra and Eleanor Feingold and M Geoffrey Hayes and William G Hill and Maria Teresa Landi and Alvaro Alonso and Guillaume Lettre and Peng Lin and Hua Ling and William Lowe and Rasika A Mathias and Mads Melbye and Elizabeth Pugh and Marilyn C Cornelis and Bruce S Weir and Michael E Goddard and Peter M Visscher",
    title   = "Genome partitioning of genetic variation for complex traits using common SNPs",
    journal = "Nature Genetics",
    year    = "2011",
    volume = "43",
    pages  = "519--525",
    doi    = "10.1038/ng.823"
}


@article{Yang2015,
    author  = "Jian Yang and Andrew Bakshi and Zhihong Zhu and Gibran Hemani and Anna A E Vinkhuyzen and Sang Hong Lee and Matthew R Robinson and John R B Perry and Ilja M Nolte and Jana V van Vliet-Ostaptchouk and Harold Snieder and The LifeLines Cohort Study and Tonu Esko and Lili Milani and Reedik Mägi and Andres Metspalu and Anders Hamsten and Patrik K E Magnusson and Nancy L Pedersen and Erik Ingelsson and Nicole Soranzo and Matthew C Keller and Naomi R Wray and Michael E Goddard & Peter M Visscher",
    title   = "Genetic variance estimation with imputed variants finds negligible missing heritability for human height and body mass index",
    journal = "Nature Genetics",
    year    = "2015",
    volume = "47",
    pages  = "1114--1120",
    doi    = "10.1038/ng.3390"
}


@article{Evans2018,
    author  = "Luke M. Evans and Rasool Tahmasbi and Scott I. Vrieze and Gonçalo R. Abecasis and Sayantan Das and Steven Gazal and Douglas W. Bjelland and Teresa R. de Candia and Haplotype Reference Consortium and Michael E. Goddard and Benjamin M. Neale and Jian Yang and Peter M. Visscher & Matthew C. Keller",
    title   = "Comparison of methods that use whole genome data to estimate the heritability and genetic architecture of complex traits",
    journal = "Nature Genetics",
    year    = "2018",
    volume = "50",
    pages  = "737--745",
    doi    = "10.1038/s41588-018-0108-x"
}


@article{Visscher2008,
    author  = "Peter M. Visscher and William G. Hill and Naomi R. Wray",
    title   = "Heritability in the genomics era — concepts and misconceptions",
    journal = "Nature Reviews Genetics",
    year    = "2008",
    volume = "9",
    pages  = "255--266",
    doi    = "10.1038/nrg2322"
}


------------------- LMM for GxE ---------------

@article{Moore2019,
    author  = "Rachel Moore and Francesco Paolo Casale and Marc Jan Bonder and Danilo Horta and BIOS Consortium and Lude Franke and Inês Barroso and Oliver Stegle",
    title   = "A linear mixed-model approach to study multivariate gene–environment interactions",
    journal = "Nature Genetics",
    year    = "2019",
    volume = "51",
    pages  = "180--186",
    doi    = "10.1038/s41588-018-0271-0"
}

@article{Korte2012,
    author  = "Arthur Korte and Bjarni J Vilhjálmsson and Vincent Segura and Alexander Platt and Quan Long and Magnus Nordborg",
    title   = "A mixed-model approach for genome-wide association studies of correlated traits in structured populations",
    journal = "Nature Genetics",
    year    = "2012",
    volume = "44",
    pages  = "1066--1071",
    doi    = "10.1038/ng.2376"
}


------------------- LMM ----------------------

@article{Yu2006,
    author  = "Jianming Yu and Gael Pressoir and William H Briggs and Irie Vroh Bi and Masanori Yamasaki and John F Doebley and Michael D McMullen and Brandon S Gaut and Dahlia M Nielsen and James B Holland and Stephen Kresovich and Edward S Buckler",
    title   = "A unified mixed-model method for association mapping that accounts for multiple levels of relatedness",
    journal = "Nature Genetics",
    year    = "2006",
    volume = "38",
    pages  = "203--208",
    doi    = "10.1038/ng1702"
}

@article{Kang2008,
    author = {Kang, Hyun Min and Zaitlen, Noah A and Wade, Claire M and Kirby, Andrew and Heckerman, David and Daly, Mark J and Eskin, Eleazar},
    title = "{Efficient Control of Population Structure in Model Organism Association Mapping}",
    journal = {Genetics},
    volume = {178},
    number = {3},
    pages = {1709-1723},
    year = {2008},
    month = {03},
    issn = {1943-2631},
    doi = {10.1534/genetics.107.080101},
}


@article{Lippert2011,
    author  = "Christoph Lippert and Jennifer Listgarten and Ying Liu and Carl M Kadie and Robert I Davidson & David Heckerman",
    title   = "FaST linear mixed models for genome-wide association studies",
    journal = "Nature Methods",
    year    = "2011",
    volume = "8",
    pages  = "833–-835",
    doi    = "10.1038/nmeth.1681"
}


@article{Zhou2012,
    author  = "Xiang Zhou and Matthew Stephens",
    title   = "Genome-wide efficient mixed-model analysis for association studies",
    journal = "Nature Genetics",
    year    = "2012",
    volume = "44",
    pages  = "821--824",
    doi    = "10.1038/ng.2310"
}


@article{Loh2015,
    author  = "Po-Ru Loh and George Tucker and Brendan K Bulik-Sullivan and Bjarni J Vilhjálmsson and Hilary K Finucane and Rany M Salem and Daniel I Chasman and Paul M Ridker and Benjamin M Neale and Bonnie Berger and Nick Patterson & Alkes L Price",
    title   = "Efficient Bayesian mixed-model analysis increases association power in large cohorts",
    journal = "Nature Genetics",
    year    = "2015",
    volume = "47",
    pages  = "284--290",
    doi    = "10.1038/ng.3190"
}

----------------------Haseman-Elston (HE)--------------------------

@article{RHE2020,
    author  = "Ali Pazokitoroudi and Yue Wu and Kathryn S. Burch and Kangcheng Hou and Aaron Zhou and Bogdan Pasaniuc & Sriram Sankararaman",
    title   = "Efficient variance components analysis across millions of genomes",
    journal = "Nature Communications",
    year    = "2020",
    volume = "11",
    pages  = " ",
    doi    = "10.1038/s41467-020-17576-9"
}


@article{RHE2018,
    author = {Wu, Yue and Sankararaman, Sriram},
    title = "{A scalable estimator of SNP heritability for biobank-scale data}",
    journal = {Bioinformatics},
    volume = {34},
    number = {13},
    pages = {i187-i194},
    year = {2018},
    month = {06},
    issn = {1367-4803},
    doi = {10.1093/bioinformatics/bty253},
    url = {10.1093/bioinformatics/bty253},
}


@article{HE2017,
author = {Xiang Zhou},
title = {{A unified framework for variance component estimation with summary statistics in genome-wide association studies}},
volume = {11},
journal = {The Annals of Applied Statistics},
number = {4},
publisher = {Institute of Mathematical Statistics},
pages = {2027 -- 2051},
keywords = {Genome-wide association studies, linear mixed model, method of moments, MINQUE, Summary statistics, variance component},
year = {2017},
doi = {10.1214/17-AOAS1052},
URL = {10.1214/17-AOAS1052}
}


@article{HE2000,
    author = {Elston, RC and Buxbaum, S and Jacobs, KB and Olson, JM},
    title = "{Haseman and Elston revisited}",
    journal = {Genet Epidemiol},
    volume = {19},
    number = {1},
    pages = {1 -- 17},
    year = {2000},
    doi = {10.1002/1098-2272(200007)19:1<1::AID-GEPI1>3.0.CO;2-E},
}


@article{HE1972,
    author = {Haseman, J.K. and Elston, R.C.},
    title = "{The investigation of linkage between a quantitative trait and a marker locus}",
    journal = {Behavior Genetics},
    volume = {2},
    number = {1},
    pages = {3 -- 19},
    year = {1972},
    url = {10.1007/BF01066731},
}



----------------------GLMM--------------------------

@article{Chen2016,
    author  = "Chen, H and Wang, C and Conomos, MP and Stilp, AM and Li Z and Sofer T and Szpiro AA and Chen W and Brehm JM and Celedón JC and Redline S and Papanicolaou GJ and Thornton TA and Laurie CC and Rice K and Lin X",
    title   = "Control for Population Structure and Relatedness for Binary Traits in Genetic Association Studies via Logistic Mixed Models",
    journal = "Am J Hum Genet.",
    year    = "2016",
    volume = "98",
    number = "4",
    pages  = "653--666",
    doi    = "10.1016/j.ajhg.2016.02.012"
}


@article{Zhou2018,
    author  = "Wei Zhou and Jonas B. Nielsen and Lars G. Fritsche and Rounak Dey and Maiken E. Gabrielsen and Brooke N. Wolford and Jonathon LeFaive and Peter VandeHaar and Sarah A. Gagliano and Aliya Gifford and Lisa A. Bastarache and Wei-Qi Wei and Joshua C. Denny and Maoxuan Lin and Kristian Hveem and Hyun Min Kang and Goncalo R. Abecasis and Cristen J. Willer & Seunggeun Lee",
    title   = "Efficiently controlling for case-control imbalance and sample relatedness in large-scale genetic association studies",
    journal = "Nature Genetics",
    year    = "2018",
    volume = "50",
    pages  = "1335--1341",
    doi    = "10.1038/s41588-018-0184-y"
}


@article{Chen2019,
    author  = "Chen, H and  Huffman, JE and  Brody, JA and  Wang, C and  Lee, S and  Li Z and  Gogarten SM and  Sofer T and  Bielak LF and  Bis JC and  Blangero J and  Bowler RP and  Cade BE and  Cho MH and  Correa A and  Curran JE and  de Vries PS and  Glahn DC and  Guo X and  Johnson AD and  Kardia S and  Kooperberg C and  Lewis JP and  Liu X and  Mathias RA and  Mitchell BD and  O'Connell JR and  Peyser PA and  Post WS and  Reiner AP and  Rich SS and  Rotter JI and  Silverman EK and  Smith JA and  Vasan RS and  Wilson JG and  Yanek LR; NHLBI Trans-Omics for Precision Medicine (TOPMed) Consortium; TOPMed Hematology and Hemostasis Working Group and  Redline S and  Smith NL and  Boerwinkle E and  Borecki IB and  Cupples LA and  Laurie CC and  Morrison AC and  Rice KM and  Lin X.",
    title   = "Efficient Variant Set Mixed Model Association Tests for Continuous and Binary Traits in Large-Scale Whole-Genome Sequencing Studies",
    journal = "Am J Hum Genet.",
    year    = "2019",
    volume = "104",
    number = "2",
    pages  = "260--274",
    doi    = "10.1016/j.ajhg.2018.12.012"
}

@article{Zhou2020,
    author  = "Wei Zhou and Zhangchen Zhao and Jonas B. Nielsen and Lars G. Fritsche and Jonathon LeFaive and Sarah A. Gagliano Taliun and Wenjian Bi and Maiken E. Gabrielsen and Mark J. Daly and Benjamin M. Neale and Kristian Hveem and Goncalo R. Abecasis and Cristen J. Willer & Seunggeun Lee",
    title   = "Scalable generalized linear mixed model for region-based association tests in large biobanks and cohorts",
    journal = "Nature Genetics",
    year    = "2020",
    volume = "52",
    pages  = "634--639",
    doi    = "10.1038/s41588-020-0621-6"
}



-----------------Numerical computation--------------
 
@article{Lanczos1950,
    author  = "Cornelius Lanczos",
    title   = "An iteration method for the solution of the eigenvalue problem of linear differential and integral operators",
    journal = "Journal of Research of the National Bureau of Standards",
    year    = "1950",
    volume = "45",
    number = "4",
    pages  = "255--282",
    doi    = "10.6028/jres.045.026",
}


@article{Paige1975,
 ISSN = {00361429},
 URL = {http://www.jstor.org/stable/2156178},
 author = {C. C. Paige and M. A. Saunders},
 journal = {SIAM Journal on Numerical Analysis},
 number = {4},
 pages = {617--629},
 publisher = {Society for Industrial and Applied Mathematics},
 title = {Solution of Sparse Indefinite Systems of Linear Equations},
 volume = {12},
 year = {1975}
}


------------------------Books-----------------------
 
@book{Casella2001,
  author = {George Casella and Roger L. Berger},
  isbn = {9780534243128},
  month = {June},  
  year = {2001},
  publisher = {Duxbury Press},
  title = {Statistical Inference}
}

 
@book{Graybill1983, 
  title = {Matrices with applications in statistics},
  author = {Franklin A. Graybill},
  year = {1983},
  issn = {0-534-98038-4},
  edition  = {2nd Edition},
  publisher = {Wadsworth International Group}, 
  address = {Belmont, California}
  }

 
@book{Golub2013,
	title = {Matrix Computations},
	author = {Gene H. Golub and Charles F. Van Loan},
	publisher = {Johns Hopkins University Press},
	edition  = "4th",
	year = {2013}
}


@book{Henderson1984,
	title = {Application of Linear Models in Animal Breeding},
	author = {Charles R Henderson},
	publisher = {University of Guelph},
	year = {1984}
}


@book{Jiang2007,
	title = {Linear and Generalized Linear Mixed Models and Their Applications},
	author = {Jiming Jiang},
	address = {New York},
	publisher = {Springer},
	year = {2007},
	doi = {10.1007/978-0-387-47946-0}
}


@book{MASS2002,
	address = {New York},
	edition = {4th},
	title = {Modern Applied Statistics with S},
	publisher = {Springer},
	author = {W. Venables and Brian D. Ripley},
	year = {2002}
}

@book{mcbook,
   author = {Art B. Owen},
   year = 2013,
   title = {Monte Carlo theory, methods and examples},
   url = {https://statweb.stanford.edu/~owen/mc/}
}


@book{McCullaghNelder1989,
    author    = "McCullagh, P. and Nelder, J.A.",
    title     = "Generalized Linear Models",
    publisher = "Chapman and Hall",
    address  = "London",
    edition  = "2nd",
    year      = "1989"
}

@book{Nocedal2006,
	title = {Numerical Optimization},
	author = {Jorge Nocedal and Stephen Wright},
	address = {New York, NY},
	publisher = {Springer},
	year = {2006},
	doi = {10.1007/978-0-387-40065-5}
}

@book{Pinheiro2000,
  author = "Pinheiro, J.C. and Bates, D.M.",
  title="Mixed-Effects Models in S and S-PLUS",
  year="2000",
  publisher="Springer",
  address="New York, NY",
  doi="10.1007/b98882"
}


@book{Rencher2007,
    author    = "Alvin C. Rencher and G. Bruce Schaalje",
    title     = "Linear Models in Statistics",
    publisher = "John Wiley & Sons, Inc.",
    year      = "2007",
    doi = "DOI:10.1002/9780470192610"
}


@book{Searle1997b,
    author    = "Shayle R. Searle",
    title     = "Linear Models",
    publisher = "John Wiley & Sons, Inc.",
    year      = "1997",
    doi = "DOI:10.1002/9781118491782"
}

@book{Searle2006,
    author    = "Shayle R. Searle and George Casella and Charles E. McCulloch",
    title     = "Variance Components",
    publisher = "John Wiley & Sons, Inc.",
    address  = "New Jersey",
    year      = "2006"
}


----------------------------------------------------

@InProceedings{Fletcher1976,
author="Fletcher, R.",
editor="Watson, G. Alistair",
title="Conjugate gradient methods for indefinite systems",
booktitle="Numerical Analysis",
year="1976",
publisher="Springer Berlin Heidelberg",
address="Berlin, Heidelberg",
pages="73--89",
isbn="978-3-540-38129-7"
}

@techreport{Shewchuk94,
author = {Shewchuk, Jonathan R},
title = {An Introduction to the Conjugate Gradient Method Without the Agonizing Pain},
year = {1994},
journal = {Technical Report},
publisher = {Carnegie Mellon University},
address = {USA},
URL = {https://dl.acm.org/doi/book/10.5555/865018},
eprint = {https://people.eecs.berkeley.edu/~jrs/papers/cgfigs.pdf},
}
  
@techreport{Knudson2016,
author = {Christina Knudson},
title = {Monte Carlo likelihood approximation for generalized linear mixed models},
year = {2016},
journal = {PhD thesis},
publisher = {University of Minnesota},
address = {USA},
URL = {http://hdl.handle.net/11299/178948}
}  

@article{Chang2015,
    author = {Chang, Christopher C and Chow, Carson C and Tellier, Laurent CAM and Vattikuti, Shashaank and Purcell, Shaun M and Lee, James J},
    title = "{Second-generation PLINK: rising to the challenge of larger and richer datasets}",
    journal = {GigaScience},
    volume = {4},
    number = {1},
    year = {2015},
    month = {02},
    issn = {2047-217X},
    doi = {10.1186/s13742-015-0047-8},
    url = {10.1186/s13742-015-0047-8},
    note = {s13742-015-0047-8},
    eprint = {https://academic.oup.com/gigascience/article-pdf/4/1/s13742-015-0047-8/25512027/13742\_2015\_article\_47.pdf},
}



